<collection xmlns="http://www.loc.gov/MARC21/slim">
<record>
  <leader>00900nam0a22002051i 450 </leader>
  <controlfield tag="001">IT\ICCU\CNCE\024017</controlfield>
  <controlfield tag="005">20040524000000.0</controlfield>
  <datafield tag="012" ind1=" " ind2=" ">
    <subfield code="a">i-al e.re o.to DaT&apos; (3) 1597 (A)</subfield>
    <subfield code="2">fei</subfield>
  </datafield>
  <datafield tag="100" ind1=" " ind2=" ">
    <subfield code="a">19970722d1597        0itac0103    ba</subfield>
  </datafield>
  <datafield tag="101" ind1=" " ind2=" ">
    <subfield code="a">ITA</subfield>
  </datafield>
  <datafield tag="102" ind1=" " ind2=" ">
    <subfield code="a">IT</subfield>
  </datafield>
  <datafield tag="200" ind1="1" ind2=" ">
    <subfield code="a">Lodi in honore della beatiss. Vergine Madonna del Mondoui a Vico, con vn epitalamio al serenissimo duca di Sauoia, &amp; alla serenissima infante Catarina d&apos;Austria, con alcune rime ... Di Dominico Salomone di Bene</subfield>
  </datafield>
  <datafield tag="210" ind1=" " ind2=" ">
    <subfield code="a">In Mondoui</subfield>
    <subfield code="c">appresso Gio. Vincenzo Caualleri</subfield>
    <subfield code="d">1597</subfield>
  </datafield>
  <datafield tag="215" ind1=" " ind2=" ">
    <subfield code="a">112 p.</subfield>
    <subfield code="d">8ʻ</subfield>
  </datafield>
  <datafield tag="620" ind1=" " ind2=" ">
    <subfield code="a">IT</subfield>
    <subfield code="d">Mondov</subfield>
  </datafield>
  <datafield tag="700" ind1=" " ind2="1">
    <subfield code="a">Salomone,</subfield>
    <subfield code="b">Domenico</subfield>
    <subfield code="3">IT\ICCU\CNCA\007001</subfield>
  </datafield>
  <datafield tag="712" ind1="0" ind2="0">
    <subfield code="a">Cavalleri, Giovanni Vincenzo</subfield>
    <subfield code="3">IT\ICCU\CNCT\000895</subfield>
    <subfield code="4">650</subfield>
  </datafield>
  <datafield tag="791" ind1="0" ind2="0">
    <subfield code="a">Cavalerius, Ioannes Vincentius</subfield>
    <subfield code="3">IT\ICCU\CNCT\004565</subfield>
    <subfield code="z">Cavalleri, Giovanni Vincenzo</subfield>
  </datafield>
  <datafield tag="801" ind1=" " ind2="3">
    <subfield code="a">IT</subfield>
    <subfield code="b">ICCU</subfield>
    <subfield code="c">20201114</subfield>
  </datafield>
  <datafield tag="899" ind1=" " ind2=" ">
    <subfield code="a">Biblioteca Reale. Torino</subfield>
    <subfield code="1">TO0263</subfield>
    <subfield code="2">TO0 07</subfield>
  </datafield>
</record>
</collection>
